@article{pawaraPaper,
	author = "Pawara, Pornntiwa and Okafor, Emmanuel and Groefsema, Marc and He, Sheng and Schomaker, Lambert R.~B. and Wiering, Marco A.",
	title = "One-vs-One classification for deep neural networks",
	journal = "Pattern Recognition",
	publisher = "Elsevier Ltd.",
	year = "2020",
	url = "https://www.sciencedirect.com/science/article/pii/S0031320320303319"
}
@misc{pawaraWebsiteDatensaetze,
	author = "Pawara, Pornntiwa",
	url = "https://www.ai.rug.nl/~p.pawara/dataset.php",
	title = "Datasets",
	note = {abgerufen am 08.08.2021}
}
@misc{pawaraWebsiteCode,
	author = "Pawara, Pornntiwa",
	title = "ovo\_code.zip",
	url = "https://www.ai.rug.nl/~p.pawara/sourcecode/ovo_code.zip",
	note = {abgerufen am 08.08.2021}
}
@misc{pawaraAgrilplant,
	author = "Pawara, Pornntiwa",
	title = "agrilplant-image.jpg",
	url = "https://www.ai.rug.nl/~p.pawara/agrilplant-image.jpg",
	note = {abgerufen am 06.08.2021}
}
@misc{pawaraMonkey,
	author = "Pawara, Pornntiwa",
	title = "monkey\_dataset.jpg",
	url = "https://www.ai.rug.nl/~p.pawara/monkey_dataset.jpg",
	note = {abgerufen am 06.08.2021}
}
@misc{pawaraTropic,
	author = "Pawara, Pornntiwa",
	title = "tropic-image.jpg",
	url = "https://www.ai.rug.nl/~p.pawara/tropic-image.jpg",
	note = {abgerufen am 06.08.2021}
}
@misc{cifar10,
	title = "Cifar-10 Datensatz",
	url = "https://www.cs.toronto.edu/~kriz/cifar.html",
	author = "Krizhevsky, Alex and Nair, Vinod and Hinton, Geoffrey",
	note = {abgerufen am 07.08.2021}
}
@misc{swedishLeaves,
	title = "Swedish Leaf Datensatz",
	url = "https://www.cvl.isy.liu.se/en/research/datasets/swedish-leaf/",
	author = "Söderkvist, Oskar J.~O.",
	note = {abgerufen am 06.08.2021}
}
@misc{githubTFIssue,
	title = "Tensorflow Issue auf Github",
	url = "https://github.com/tensorflow/tensorflow/issues/50244",
	note = {abgerufen am X.X.2021}
}
@misc{palma2,
	title = "HPC-Cluster Palma II der Universität Münster",
	url = "https://www.uni-muenster.de/IT.Technik/Server/HPC.html",
	note = {abgerufen am 04.08.2021}
}
@misc{tensorflow,
	title = "Tensorflow Webseite",
	url = "https://www.tensorflow.org/",
	note = {abgerufen am 07.08.2021}
}
@misc{pytorch,
	title = "PyTorch Webseite",
	url = "https://pytorch.org/",
	note = {abgerufen am 07.08.2021}
}

